<?xml version="1.0" encoding="UTF-8"?><collection xmlns="http://www.loc.gov/MARC21/slim"><record><leader>00413nam--2200133-i-4500</leader><controlfield tag="001">000043920</controlfield><controlfield tag="002">20161230</controlfield><controlfield tag="005">20161230201044</controlfield><controlfield tag="008">060222s1000------------r-----000-0-eng-d</controlfield><datafield ind1=" " ind2=" " tag="080"><subfield code="a">547</subfield></datafield><datafield ind1=" " ind2=" " tag="100"><subfield code="a">Suciu, Nausica</subfield></datafield><datafield ind1=" " ind2=" " tag="245"><subfield code="a">Noi substante si reactii in clasa 3-fenil sidnonelor substituite. rez.tezei de doctorat</subfield></datafield><datafield ind1=" " ind2=" " tag="260"><subfield code="a">Timisoara, Inst.Politehnic-facultatea De Chimie Industriala, 1969, 34p</subfield></datafield><datafield ind1=" " ind2=" " tag="852"><subfield code="a">30570</subfield></datafield></record></collection>